@BOOK{HastieBook:SL,
  author = {T.~Hastie and R.~Tishirani and J.~Friedman},
  title = {The Elements of Statistical Learning: Data Mining, Inference, and Prediction},
  publisher = {Springer-Verlag},
  year = {2001},
  address=       {New York}
}

@BOOK{Vapnik:1998,
  author =       {V. Vapnik},
  title =        {Statistical Learning Theory},
  publisher =    {John Wiley and Sons},
  year =         {1998},
  volume =       {},
  series =       {},
  address =      {New York},
  edition =      {}
}

@book{wasserman2004all,
  title={All of statistics: a concise course in statistical inference},
  author={Wasserman, L.},
  year={2004},
  publisher={Springer Verlag}
}
@book{motwani2010randomized,
  title={Randomized algorithms},
  author={Motwani, R. and Raghavan, P.},
  year={2010},
  publisher={Chapman \& Hall/CRC}
}
@article{lange1995gradient,
  title={A gradient algorithm locally equivalent to the EM algorithm},
  author={Lange, K.},
  journal={Journal of the Royal Statistical Society. Series B (Methodological)},
  pages={425--437},
  year={1995},
  publisher={JSTOR}
}
@article{dempster1977maximum,
  title={Maximum likelihood from incomplete data via the EM algorithm},
  author={Dempster, A.P. and Laird, N.M. and Rubin, D.B.},
  journal={Journal of the Royal Statistical Society. Series B (Methodological)},
  pages={1--38},
  year={1977},
  publisher={JSTOR}
}
@article{bergstra2011algorithms,
  title={Algorithms for hyper-parameter optimization},
  author={Bergstra, J. and Bardenet, R. and Bengio, Y. and K{\'e}gl, B. and others},
  year={2011}
}
@inproceedings{martins2011augmented,
  title={An augmented lagrangian approach to constrained map inference},
  author={Martins, A.F.T. and Figueiredo, M.A.T. and Aguiar, P.M.Q. and Smith, N.A. and Xing, E.P.},
  booktitle={International Conference on Machine Learning},
  year={2011}
}
@article{cesa2011efficient,
  title={Efficient online learning via randomized rounding},
  author={Cesa-Bianchi, N. and Shamir, O.},
  journal={Arxiv preprint arXiv:1106.2429},
  year={2011}
}
@inproceedings{hazanbeating,
  title={Beating SGD: Learning SVMs in Sublinear Time},
  author={Hazan, E. and Koren, T. and Srebro, N.},
  booktitle={Advances in Neural Information Processing Systems},
  year={2011}
}
@inproceedings{shalev2007pegasos,
  title={Pegasos: Primal estimated sub-gradient solver for svm},
  author={Shalev-Shwartz, S. and Singer, Y. and Srebro, N.},
  booktitle={Proceedings of the 24th international conference on Machine learning},
  pages={807--814},
  year={2007},
  organization={ACM}
}
@article{cotter2011better,
  title={Better mini-batch algorithms via accelerated gradient methods},
  author={Cotter, A. and Shamir, O. and Srebro, N. and Sridharan, K.},
  journal={Arxiv preprint arXiv:1106.4574},
  year={2011}
}
@article{menon2009large,
  title={Large-scale support vector machines: algorithms and theory},
  author={Menon, A.K.},
  journal={Research Exam, University of California, San Diego},
  year={2009}
}
@article{arora2005multiplicative,
  title={The multiplicative weights update method: a meta algorithm and applications},
  author={Arora, S. and Hazan, E. and Kale, S.},
  journal={Manuscript, 2005. Preliminary draft of paper available online at http://www.cs.princeton.edu/~arora/pubs/MWsurvey.pdf},
  year={2005},
  publisher={Citeseer}
}
@article{nesterov2009primal,
  title={Primal-dual subgradient methods for convex problems},
  author={Nesterov, Y.},
  journal={Mathematical programming},
  volume={120},
  number={1},
  pages={221--259},
  year={2009},
  publisher={Springer}
}
@article{hazan2009survey,
  title={A survey: The convex optimization approach to regret minimization},
  author={Hazan, E.},
  year={2009},
  publisher={Citeseer}
}
@article{mahoney2011randomized,
  title={Randomized algorithms for matrices and data},
  author={Mahoney, M.W.},
  journal={Arxiv preprint arXiv:1104.5557},
  year={2011}
}
@article{keerthi2006modified,
  title={A modified finite Newton method for fast solution of large scale linear SVMs},
  author={Keerthi, S.S. and DeCoste, D.},
  journal={Journal of Machine Learning Research},
  volume={6},
  number={1},
  pages={341},
  year={2006},
  publisher={Citeseer}
}
@article{shi2008fast,
  title={A Fast Hybrid Algorithm for Large Scale l1-Regularized Logistic Regression},
  author={Shi, J. and Yin, W. and Osher, S. and Sajda, P.},
  journal={Journal of Machine Learning Research},
  volume={1},
  pages={8888},
  year={2008}
}
@article{bach2011convex,
  title={Convex optimization with sparsity-inducing norms},
  author={Bach, F. and Jenatton, R. and Mairal, J. and Obozinski, G.},
  journal={Optimization for Machine Learning},
  pages={19--54},
  year={2011},
  publisher={MIT Press}
}
@article{balakrishnan2008algorithms,
  title={Algorithms for sparse linear classifiers in the massive data setting},
  author={Balakrishnan, S. and Madigan, D.},
  journal={The Journal of Machine Learning Research},
  volume={9},
  pages={313--337},
  year={2008},
  publisher={JMLR. org}
}
@article{xiao2010dual,
  title={Dual averaging methods for regularized stochastic learning and online optimization},
  author={Xiao, L.},
  journal={The Journal of Machine Learning Research},
  volume={11},
  pages={2543--2596},
  year={2010},
  publisher={JMLR. org}
}
@inproceedings{shalev2009stochastic,
  title={Stochastic methods for l 1 regularized loss minimization},
  author={Shalev-Shwartz, S. and Tewari, A.},
  booktitle={Proceedings of the 26th Annual International Conference on Machine Learning},
  pages={929--936},
  year={2009},
  organization={ACM}
}
@inproceedings{clarkson2010sublinear,
  title={Sublinear Optimization for Machine Learning},
  author={Clarkson, K.L. and Hazan, E. and Woodruff, D.P.},
  booktitle={Proceedings of the 2010 IEEE 51st Annual Symposium on Foundations of Computer Science},
  pages={449--457},
  year={2010},
  organization={IEEE Computer Society}
}
@article{kapoor2005learning,
  title={Learning and classifying under hard budgets},
  author={Kapoor, A. and Greiner, R.},
  journal={Machine Learning: ECML 2005},
  pages={170--181},
  year={2005},
  publisher={Springer}
}
@article{genkin2007large,
  title={Large-scale Bayesian logistic regression for text categorization},
  author={Genkin, A. and Lewis, D.D. and Madigan, D.},
  journal={Technometrics},
  volume={49},
  number={3},
  pages={291--304},
  year={2007},
  publisher={ASA}
}
@article{tibshirani1996regression,
  title={Regression shrinkage and selection via the lasso},
  author={Tibshirani, R.},
  journal={Journal of the Royal Statistical Society. Series B (Methodological)},
  pages={267--288},
  year={1996},
  publisher={JSTOR}
}
@article{cotter2012kernelized,
  title={The Kernelized Stochastic Batch Perceptron},
  author={Cotter, A. and Shalev-Shwartz, S. and Srebro, N.},
  journal={Arxiv preprint arXiv:1204.0566},
  year={2012}
}

@article{sdp2007,
  title={On Analyzing Semidefinite Programming Relaxations of Complex Quadratic Optimization Problems},
  author={J.~Zhang and Y.~Ye  and A. M.-C.~So},
  journal={Handbook of approximation algorithms and metaheurististics},
  volume={10},
  year={2007},
  publisher={Chapman \& Hall}
}
@article{hazan2011optimal,
  title={Optimal algorithms for ridge and Lasso regression with partially observed attributes},
  author={Hazan, E. and Koren, T.},
  journal={Arxiv preprint arXiv:1108.4559},
  year={2011}
}
@inproceedings{zhang2004solving,
  title={Solving large scale linear prediction problems using stochastic gradient descent algorithms},
  author={Zhang, T.},
  booktitle={Proceedings of the twenty-first international conference on Machine learning},
  pages={116},
  year={2004},
  organization={ACM}
}
@article{xiao2010dual,
  title={Dual averaging methods for regularized stochastic learning and online optimization},
  author={Xiao, L.},
  journal={The Journal of Machine Learning Research},
  volume={11},
  pages={2543--2596},
  year={2010},
  publisher={JMLR. org}
}
@inproceedings{panda1995global,
  title={Global reduction in wormhole k-ary n-cube networks with multidestination exchange worms},
  author={Panda, D.K.},
  booktitle={In IPPS: 9th International Parallel Processing Symposium},
  pages={652--659},
  year={1995},
  organization={IEEE Computer Society Press}
}
@article{tsumoto2004mining,
  title={Mining diagnostic rules from clinical databases using rough sets and medical diagnostic model},
  author={Tsumoto, S.},
  journal={Information sciences},
  volume={162},
  number={2},
  pages={65--80},
  year={2004},
  publisher={Elsevier}
}
@inproceedings{garberapproximating,
  title={Approximating Semidefinite Programs in Sublinear Time},
  author={Garber, D. and Hazan, E.},
  booktitle={Advances in Neural Information Processing Systems},
  year={2011}
}
@inproceedings{hogan1990livermore,
  title={The Livermore distributed storage system: Requirements and overview},
  author={Hogan, C. and Cassell, L. and Foglesong, J. and Kordas, J. and Nemanic, M. and Richmond, G.},
  booktitle={Digest of Papers. Tenth IEEE Symposium on Mass Storage Systems},
  pages={6--17},
  year={1990},
  organization={IEEE}
}
@article{guyon2004result,
  title={Result analysis of the nips 2003 feature selection challenge},
  author={Guyon, I. and Gunn, S. and Ben-Hur, A. and Dror, G.},
  journal={Advances in Neural Information Processing Systems},
  volume={17},
  pages={545--552},
  year={2004},
  publisher={Citeseer}
}
@inproceedings{DelanyFLAIRS06,
  AUTHOR =       "S. J. Delany and P. Cunningham and A. Tsymbal",
  TITLE =        "A Comparison of Ensemble and Case-base Maintenance Techniques for handling Concept Drift in Spam Filtering",
  BOOKTITLE =    "Proceedings of the 19th International Conference on Artificial Intelligence (FLAIRS 2006)",
  YEAR =         "2006",
  editor = 	"G. Sutcliffe and R. Goebel",
    pages = 	 "340--345",
    publisher="AAAI Press",
}
@article{DelanyKBS05,
  author = "S. J. Delany and P. Cunningham and A. Tsymbal and L. Coyle",
  title = "A Case-Based Technique for Tracking Concept Drift in Spam Filtering",
  journal= "Knowledge-Based Systems",
  volume = {18},
  number = {4--5},
  pages = {187--195},
  publisher = "Elsevier",
  year = "2005"
}
@inproceedings{kohavi1995study,
  title={A study of cross-validation and bootstrap for accuracy estimation and model selection},
  author={Kohavi, R.},
  booktitle={International joint Conference on artificial intelligence},
  volume={14},
  pages={1137--1145},
  year={1995},
  organization={LAWRENCE ERLBAUM ASSOCIATES LTD}
}
@article{chang2007psvm,
  title={Psvm: Parallelizing support vector machines on distributed computers},
  author={Chang, Edward Y and Zhu, Kaihua and Wang, Hao and Bai, Hongjie and Li, Jian and Qiu, Zhihuan and Cui, Hang},
  journal={Advances in Neural Information Processing Systems},
  volume={20},
  pages={16},
  year={2007}
}
@article{wang2009plda,
  title={Plda: Parallel latent dirichlet allocation for large-scale applications},
  author={Wang, Yi and Bai, Hongjie and Stanton, Matt and Chen, Wen-Yen and Chang, Edward},
  journal={Algorithmic Aspects in Information and Management},
  pages={301--314},
  year={2009},
  publisher={Springer}
}
@article{dean2007largescale,
  title={Large Scale Distributed Deep Networks},
  author={Dean, Jeffrey and Corrado, Greg S and Monga, Rajat and Chen, Kai and Devin, Matthieu and Le, Quoc V and Mao, Mark and Ranzato, Marc'Aurelio and Senior, Andrew W and Tucker, Paul and Yang, Ke and Ng, Andrew Y},
  journal={Advances in Neural Information Processing Systems},
  volume={},
  pages={},
  year={2012}
}
@inproceedings{kyrola2012graphchi,
  title={GraphChi: Large-scale graph computation on just a PC},
  author={Kyrola, Aapo and Blelloch, Guy and Guestrin, Carlos},
  year={2012},
  organization={OSDI}
}
